@book{rao2011mechanical,
  title={Mechanical Vibrations},
  author={Rao, S.S.},
  isbn={9789810687120},
  lccn={2010028534},
  series={Always learning},
  url={https://books.google.it/books?id=7Pd3SQAACAAJ},
  year={2011},
  publisher={Prentice Hall}
}

@book{meirovitch2001fundamentals,
  title={Fundamentals of Vibrations},
  author={Meirovitch, L.},
  isbn={9780070413450},
  lccn={00030494},
  series={McGraw-Hill higher education},
  url={https://books.google.it/books?id=u358QgAACAAJ},
  year={2001},
  publisher={McGraw-Hill}
}
